% Information references

@misc{idol-hatsune-miku,
    author = {Miku Expo},
    title = {Hatsune Miku Expo Gallery Europe 2018 Photo 2},
    url = {https://mikuexpo.com/gallery},
    urldate = {21.03.2021}
}

@misc{idol-kizuna-ai,
    author = {A.I.Channel},
    title = {【自己紹介】はじめまして！キズナアイですლ(´ڡ`ლ)},
    url = {https://www.youtube.com/watch?v=NasyGUeNMTs},
    urldate = {21.03.2021}
}

@misc{tut-hair,
    author = {Syafire},
    title = {[VTuber] How To Make Long Hair In VRoid Studio [Quick Hair Tutorial]},
    url = {https://www.youtube.com/watch?v=VXlTz9ujdRU},
    urldate = {21.03.2021}
}

@misc{tut-foxears,
    author = {Grimalkind},
    title = {Vroid Studio Animal Ear Tutorial},
    url = {https://www.youtube.com/watch?v=bVJdsQ5YFxw},
    urldate = {21.03.2021}
}

@misc{tut-glasses1,
    author = {Argama Witch},
    title = {Tutorial - How to make Glasses in Vroid},
    url = {https://www.youtube.com/watch?v=-12vHteVd8E},
    urldate = {21.03.2021}
}

@misc{tut-glasses2,
    author = {Amanda},
    title = {VRoid Tutorial: Accessories with VRoid's Hair Tool},
    url = {https://www.youtube.com/watch?v=fCgL6zfGWl8},
    urldate = {21.03.2021}
}

@misc{tut-expressions,
    author = {Emiliana},
    title = {Tutorial: How to set up expression detection in VSeeFace},
    url = {https://www.youtube.com/watch?v=-Y2JyGLxuyo},
    urldate = {23.03.2021}
}

@misc{tut-threedposetracker,
    author = {Suvidriel},
    title = {Full body motion from ThreeDPoseTracker to VSeeFace},
    url = {https://www.youtube.com/watch?v=A1T1wsJrGWQ},
    urldate = {23.03.2021}
}

@misc{vrm-page,
    author = {VRM Consortium},
    title = {VRM Homepage},
    url = {https://vrm.dev/en},
    urldate = {21.03.2021}
}

@misc{vrm-spec-head,
    author = {VRM Consortium},
    title = {VRM 1.0 Specification Draft - Head bones},
    url = {https://github.com/vrm-c/vrm-specification/tree/master/specification/VRMC_vrm-1.0_draft#head-enum},
    urldate = {21.03.2021}
}

@misc{tut-openseeface,
    author = {Emiliana\_vt},
    title = {Running VSeeFace on Linux and maybe Mac},
    url = {https://www.vseeface.icu/#running-on-linux-and-maybe-mac},
    urldate = {23.03.2021}
}

@misc{tut-leapmotion-linux,
    author = {Victor Miranda Diniz},
    title = {How to install Leap Motion in Manjaro},
    url = {https://medium.com/@victor.m.diniz/how-to-install-leap-motion-in-manjaro-arch-linux-dc420fb5e302},
    urldate = {23.03.2021}
}

@misc{vseeface-leapmotion-linux-issue,
    author = {emilianavt, vivi90},
    title = {Leap Motion connection problems in Wine},
    url = {https://github.com/emilianavt/VSeeFaceReleases/issues/2},
    urldate = {23.03.2021}
}

@misc{vmc-protocol-page,
    author = {sh\_akira},
    title = {Virtual Motion Capture Protocol},
    url = {https://protocol.vmc.info/},
    urldate = {23.03.2021}
}

% Software references

@software{krita,
    author = {Matthias Ettrich},
    title = {Krita},
    url = {https://krita.org/en},
    version = {4.4.2}
}

@software{vroid-studio,
    author = {pixiv},
    title = {VRoid Studio},
    url = {https://vroid.com/en/studio},
    version = {0.13.1}
}

@software{vseeface,
    author = {Emiliana\_vt, Virtual\_Deat},
    title = {VSeeFace},
    url = {https://www.vseeface.icu},
    version = {1.13.36d}
}

@software{openseeface,
    author = {Emiliana\_vt},
    title = {OpenSeeFace},
    url = {https://github.com/emilianavt/OpenSeeFace},
    version = {Commit e273b11333e22de5b193a8e10bbd4a8835fd5528}
}

@software{threedposetracker,
    author = {Digital Standard Co., LTD.},
    title = {ThreeDPoseTracker},
    url = {https://qiita.com/yukihiko_a/items/43d09db5628334789fab},
    version = {0.3.0}
}

@software{obs,
    author = {OBS Project},
    title = {OBS Studio},
    url = {https://obsproject.com},
    version = {26.1.2}
}

@software{avidemux,
    author = {MEAN},
    title = {Avidemux},
    url = {http://avidemux.sourceforge.net},
    version = {2.7.8}
}

@software{kinect-sdk,
    author = {Microsoft},
    title = {Kinect for Windows SDK},
    url = {https://www.microsoft.com/en-gb/download/details.aspx?id=40278},
    version = {1.8}
}

@software{kinect-toolkit,
    author = {Microsoft},
    title = {Kinect for Windows Developer Toolki},
    url = {https://www.microsoft.com/en-us/download/details.aspx?id=40276},
    version = {1.8}
}

@software{leapmotion-linux,
    author = {ultraleap},
    title = {Leap Motion Controller Linux SDK},
    url = {https://developer.leapmotion.com/sdk-leap-motion-controller},
    version = {2.3.1+31549}
}

@software{leapmotion-windows,
    author = {ultraleap},
    title = {Leap Motion Controller Windows SDK},
    url = {https://developer.leapmotion.com/sdk-leap-motion-controller},
    version = {4.1.0+52211}
}

@software{vmc,
    author = {sh\_akira},
    title = {Virtual Motion Capture},
    url = {https://vmc.info},
    version = {0.49r3}
}

@software{evmc4u,
    author = {gpsnmeajp},
    title = {Easy Virtual Motion Capture For Unity (EVMC4U)},
    url = {https://github.com/gpsnmeajp/EasyVirtualMotionCaptureForUnity},
    version = {3.7}
}

@software{360-kinect-gum,
    author = {daifuk\_lana},
    title = {360KinectGum},
    url = {https://daifuklana.booth.pm/items/2109279},
    version = {0.0.8b3}
}

@software{wine,
    author = {Alexandre Julliard},
    title = {Wine},
    url = {https://www.winehq.org},
    version = {6.4}
}

@software{latex,
    author = {Leslie Lamport},
    title = {LaTeX},
    url = {https://www.latex-project.org},
    version = {pdfTeX 3.14159265-2.6-1.40.21 (TeX Live 2020/Arch Linux)}
}

@software{manjaro,
    author = {Roland Singer, Guillaume Benoit, Philip Müller i.a.},
    title = {Manjaro Linux},
    url = {https://manjaro.org},
    version = {21.0}
}

@software{linux,
    author = {Linus Torvalds},
    title = {Linux},
    url = {https://www.kernel.org},
    version = {5.11}
}

@software{win10,
    author = {Microsoft},
    title = {Windows 10 Professional},
    url = {https://www.microsoft.com/de-de/windows/get-windows-10},
    version = {build 19042}
}

@software{univrm,
    author = {VRM Consortium},
    title = {UniVRM},
    url = {https://github.com/vrm-c/UniVRM},
    version = {0.68.2}
}

@software{python,
    author = {Python Software Foundation, Guido van Rossum},
    title = {Python},
    url = {https://www.python.org},
    version = {3.9.2}
}

@software{unity,
    author = {Unity Technologies},
    title = {Unity},
    url = {https://unity.com},
    version = {2019.3.13f1}
}
